<?xml version="1.0" encoding="UTF-8"?><collection xmlns="http://www.loc.gov/MARC21/slim"><record><leader>00368nam--2200133-i-4500</leader><controlfield tag="001">000029668</controlfield><controlfield tag="002">20161230</controlfield><controlfield tag="005">20161230201037</controlfield><controlfield tag="008">060222s1000------------r-----000-0-eng-d</controlfield><datafield ind1=" " ind2=" " tag="100"><subfield code="a">Liebisch, Hans</subfield></datafield><datafield ind1=" " ind2=" " tag="245"><subfield code="a">Ruckert, rudolf</subfield></datafield><datafield ind1=" " ind2=" " tag="260"><subfield code="a">Das Erichten Elektrischer Anlagen. Teil I</subfield></datafield><datafield ind1=" " ind2=" " tag="490"><subfield code="a">Leipzig, B.G.Teubner Verlagsgesellschaft, 1952. V+274p</subfield></datafield><datafield ind1=" " ind2=" " tag="852"><subfield code="a">621.316.17</subfield></datafield></record></collection>